@unpublished{example1,
    title={Language Integrated STM in C\# Using the Roslyn Compiler},
    author={Tobias Ugleholdt Hansen, Andreas Pørtner Karlsen, Kasper Breinholt Laurberg},
    note={Aalborg University, 2015}
}
@book{example2,
    author={Maurice Herlihy, Nir Shavit},
    year={2012},
    isbn={9780123977953},
    title={The Art of Multiprocessor Programming},
    publisher={Elsevier}
}
@online{example3,
    title={Intel’s Core i9 Extreme Edition CPU is an 18-core beast},
    note={Seen 04/10/2017},
    url={https://www.engadget.com/2017/05/30/intel-core-i9-extreme/},
    author={Devindra Hardawar, Engadget}
}
@article{example4,
    title = "Introduction to GPGPU, a hardware and software background",
    journal = "Comptes Rendus Mécanique",
    volume = "339",
    number = "2",
    pages = "78 - 89",
    year = "2011",
    note = "High Performance Computing",
    issn = "1631-0721",
    doi = "https://doi.org/10.1016/j.crme.2010.11.003",
    url = "http://www.sciencedirect.com/science/article/pii/S1631072110002044",
    author = "Guillaume Colin de Verdière",
    keywords = {Computer science;GPGPU;Computer hardware;Programming languages;Informatique;GPGPU;Matériel;Logiciels}
}
@online{skelclWebsite,
    title={SkelCL Website},
    note={Seen 19/02/2018},
    url={https://skelcl.github.io/},
    author={Michel Steuwer}
}
@article{skelclPaper,
    title = "SkelCL: Enhancing OpenCL for High-Level
Programming of Multi-GPU Systems",
    journal = "Parallel Computing
Technologies",
    volume = "339",
    number = "2",
    pages = "258 - 272",
    year = "2013",
    issn = "0302-9743",
    doi = "10.1007/978-3-642-39958-9",
    author = "Michel Steuwer and Sergei Gorlatch"
}
@online{boltDoc,
    title={Bolt's Documentation},
    note={Seen 19/02/2018},
    url={https://hsa-libraries.github.io/Bolt/html/index.html},
    author={Advanced Micro Devices, Inc.}
}
@online{boltGithub,
    title={Bolt's Github Page},
    note={Seen 19/02/2018},
    url={https://github.com/HSA-Libraries/Bolt},
    author={Advanced Micro Devices, Inc.}
}
@online{thrustGithub,
    title={Thrust's Github Page},
    note={Seen 20/02/2018},
    url={https://thrust.github.io/},
    author={Jared Hoberock and Nathan Bell}
}
@online{thrustOverview,
    title={Thrust's Overview},
    note={Seen 20/02/2018},
    url={https://github.s3.amazonaws.com/downloads/thrust/thrust/Thrust%3A%20A%20Productivity-Oriented%20Library%20for%20CUDA.pdf?X-Amz-Algorithm=AWS4-HMAC-SHA256&X-Amz-Credential=AKIAISTNZFOVBIJMK3TQ%2F20180220%2Fus-east-1%2Fs3%2Faws4_request&X-Amz-Date=20180220T090430Z&X-Amz-Expires=300&X-Amz-SignedHeaders=host&X-Amz-Signature=493b9df1b251f35fd967d9ceb7c6b8df3e9d8da8529069dd3c2667c854ff3009},
    author={Jared Hoberock and Nathan Bell}
}